@MISC{diez:pmodels,
	AUTHOR = "Francisco J. Díez and Marek J. Druzdzel",
	TITLE = "Canonical Probabilistic Models",
    TYPE = "Technical Report",
	PUBLISHER = "Research Centre on Intelligent Decision-Support Systems",
	ADDRESS = "Madrid",
    URL = "http://www.cisiad.uned.es/techreports/canonical.pdf",
	YEAR = "2007"	}

@ARTICLE{kschischang:factor-graph,
	AUTHOR = "Frank R. Kschischang and Brendan J. Frey and Hans-Andrea Loeliger",
	TITLE = "Factor Graphs and the Sum-Product Algorithm",
	JOURNAL = "IEEE Transactions on Information Theory",
    ISSN ={1557-9654},
	PUBLISHER = "IEEE",
	VOLUME = {47},
	NUMBER = {2},
	PAGES = {498-519},
	URL = {http://ieeexplore.ieee.org/stamp/stamp.jsp?tp=\&arnumber=910572},
    DOI = {10.1109/18.910572},
	MONTH = "February",
	YEAR = "2001"	}

@ARTICLE{millan:bayesiandiagnostic,
	AUTHOR = "Eva Millán and José Luis Pérez-de-la-Cruz",
	TITLE = "A Bayesian Diagnostic Algorithm for Student Modeling and its Evaluation",
	JOURNAL = "User Modeling and User-Adapted Interaction",
    EDITOR = {Alfred Kobsa},
    ISSN ={0924-1868},
	PUBLISHER = "Kluwer Academic",
	VOLUME = {12},
	NUMBER = {2-3},
	PAGES = {281-330},
	URL = {https://www.researchgate.net/publication/220116324_A_Bayesian_Diagnostic_Algorithm_for_Student_Modeling_and_its_Evaluation},
    DOI = {10.1023/A:1015027822614},
	MONTH = "June",
	YEAR = "2002"	}

@ARTICLE{millan:bayesiannetwork,
	AUTHOR = "Eva Millán and Tomasz Loboda and Jose Luis Pérez-de-la-Cruz",
	TITLE = "Bayesian networks for student model engineering",
	JOURNAL = "Computers \& Education",
    EDITOR = {Rachelle S. Heller and Jean D. M. Underwood and Chin-Chung Tsai},
    ISSN ={0360-1315},
	PUBLISHER = "Elsevier",
	VOLUME = {55},
	NUMBER = {4},
	PAGES = {1663-1683},
	URL = {http://www.sciencedirect.com/science/article/pii/S0360131510002022},
    DOI = {10.1016/j.compedu.2010.07.010},
	DAY = "29",
	MONTH = "July",
	YEAR = "2010"	}

@BOOK{neapolitan:bn,
	AUTHOR = "Richard E. Neapolitan",
	TITLE = "Learning Bayesian Networks",
    ISBN = {978-0130125347},
	PUBLISHER = "Prentice Hall",
	ADDRESS = "Upper Saddle River, New Jersey, USA",
	YEAR = "2003"	}

@ARTICLE{nguyen:sigma,
	AUTHOR = "Loc Nguyen",
	TITLE = "Theorem of SIGMA-gate Inference in Bayesian Network",
	JOURNAL = "Wulfenia",
    EDITOR = {Vienna S. Franz},
    ISSN ={1561-882X},
	ADDRESS = "Klagenfurt, Austria",
	PUBLISHER = "Wulfenia",
	VOLUME = {23},
	NUMBER = {3},
	PAGES = {280-289},
	URL = {http://www.multidisciplinarywulfenia.org/auto/index.php/jTracker/index/x1Hdpch},
	DAY = "28",
	MONTH = "March",
	YEAR = "2016"	}

@ARTICLE{pearl:propagation,
	AUTHOR = "Judea Pearl",
	TITLE = "Fusion, propagation, and structuring in belief networks",
	JOURNAL = "Artificial Intelligence",
    ISSN ={0004-3702},
	PUBLISHER = "Elsevier",
	VOLUME = {29},
	NUMBER = {3},
	PAGES = {241-288},
	URL = {http://www.sciencedirect.com/science/article/pii/000437028690072X},
    DOI = {10.1016/0004-3702(86)90072-X},
	MONTH = "September",
	YEAR = "1986"	}

@MISC{wikipedia:abel-ruffini,
	AUTHOR = "Wikipedia",
	TITLE = "Abel-Ruffini theorem",
    TYPE = "Web site",
	PUBLISHER = "Wikimedia Foundation",
    URL = "https://en.wikipedia.org/wiki/Abel-Ruffini_theorem",
	DAY = "10",
	MONTH = "June",
	YEAR = "2016"	}

@MISC{wikipedia:factor-graph,
	AUTHOR = "Wikipedia",
	TITLE = "Factor graph",
    TYPE = "Web site",
	PUBLISHER = "Wikimedia Foundation",
    URL = "https://en.wikipedia.org/wiki/Factor_graph",
	DAY = "22",
	MONTH = "November",
	YEAR = "2015"	}

@MISC{wikipedia:logic-gates,
	AUTHOR = "Wikipedia",
	TITLE = "Logic gate",
    TYPE = "Web site",
	PUBLISHER = "Wikimedia Foundation",
    URL = "https://en.wikipedia.org/wiki/Logic_gate",
	DAY = "2",
	MONTH = "June",
	YEAR = "2016"	}

@MISC{wikipedia:set,
	AUTHOR = "Wikipedia",
	TITLE = "Set (mathematics)",
    TYPE = "Web site",
	PUBLISHER = "Wikimedia Foundation",
    URL = "http://en.wikipedia.org/wiki/Set_(mathematics)",
	DAY = "10",
	MONTH = "October",
	YEAR = "2014"	}

